@misc{math_trick,
	author =       {Bhatia, Aatish},
	title =        {The Math Trick Behind MP3s, JPEGs, and Homer Simpsonâ€™s Face},
	editor =       {nautil.us},
	month =        {November},
	year =         {2013},
	url = {nautil.us/blog/the-math-trick-behind-mp3s-jpegs-and-homer-simpsons-face},
}

@misc{picture_perfect,
	author =       {Bryan, Kurt},
	title =        {Picture Perfect: The Mathematics of JPEG Compression},
	editor =       {rose-hulman.edu},
	month =        {May},
	year =         {2011},
	url = {www.rose-hulman.edu/\~{}bryan/invprobs/jpegtalk2.pdf},
}

@misc{dct,
	author =       {Cabeen, Ken and Gent, Peter},
	title =        {Image Compression and the Discrete Cosine Transform},
	editor =       {math.cuhk.edu.hk},
	url = {www.math.cuhk.edu.hk/\~{}lmlui/dct.pdf},
}

@misc{image_compression,
	title =        {Image Compression},
	editor =       {whydomath.org},
	url = {www.whydomath.org/node/wavlets/basicjpg.html},
}

@misc{how_jpeg_works,
	author =       {McAnlis, Colt},
	title =        {How JPG Works},
	editor =       {freecodecamp.org},
	month =        {April},
	year =         {2016},
	url = {medium.freecodecamp.org/how-jpg-works-a4dbd2316f35},
}


@misc{nasa,
	author =       {Watson, Andrew},
	title =        {Image Compression Using the Discrete Cosine Transform},
	editor =       {Mathematica Journal},
	month =        {January},
	year =         {1994},
	url = {human-factors.arc.nasa.gov/publications/mathjournal94.pdf},
}